@misc{diesel,
	title="Разлив дизтоплива в Норильске стал самым масштабным на планете - РИА Новости [Электронный ресурс]",
	howpublished="Режим доступа: \url{https://ria.ru/20201224/razliv-1590698352.html} (дата обращения: 13.05.2022)"
}

@misc{wwf1,
	title="Предотвратить экологические катастрофы можно только при участии общественности  - WWF [Электронный ресурс]",
	howpublished="Режим доступа \url{https://wwf.ru/resources/news/ekologicheskaya-politika/wwf-predotvratit-ekologicheskie-katastrofy-mozhno-tolko-pri-uchastii-obshchestvennosti/} (дата обращения: 13.05.2022)"
}

@misc{wwf2,
title="Предотвратить экологические катастрофы можно только при участии общественности  - WWF [Электронный ресурс]",
howpublished="Режим доступа: \url{https://wwf.ru/resources/news/Regulirovanie/wwf-rossii-i-brend-fairy-zapustili-obshchestvennyy-monitoring-avariynykh-ekologicheskikh-situatsiy-v/} (дата обращения: 13.05.2022)"
}


@misc{forum,
	title="Сильные идеи для нового времени [Электронный ресурс]",
	howpublished="Режим доступа: \url{https://idea.asi.ru.} (дата обращения: 13.05.2022)"
}


@misc{pq,
	title="Go pq documentation [Электронный ресурс]",
	howpublished="Режим доступа: \url{https://pkg.go.dev/github.com/lib/pq} (дата обращения: 13.05.2022)"
}


@misc{gosql,
	title="Go sql documentation [Электронный ресурс]",
	howpublished="Режим доступа: \url{https://pkg.go.dev/database/sql} (дата обращения: 13.05.2022)"
}


@misc{sqlx,
	title="Go sqlx documentation [Электронный ресурс]",
	howpublished="Режим доступа: \url{https://pkg.go.dev/github.com/jmoiron/sqlx} (дата обращения: 16.05.2022)"
}

@misc{gin,
	title="Go Gin documentation [Электронный ресурс]",
	howpublished="Режим доступа: \url{https://pkg.go.dev/github.com/gin-gonic/gin} (дата обращения: 07.06.2022)"
}

@misc{js,
	title="JavaScript documentation [Электронный ресурс]",
	howpublished="Режим доступа: \url{https://developer.mozilla.org/en-US/docs/Web/JavaScript} (дата обращения: 07.06.2022)"
}

@misc{html,
	title="HTML documentation [Электронный ресурс]",
	howpublished="Режим доступа: \url{https://developer.mozilla.org/en-US/docs/Web/HTML} (дата обращения: 07.06.2022)"
}

@misc{map-api,
	title="API Яндекс Карт [Электронный ресурс]",
	howpublished="Режим доступа: \url{https://yandex.ru/dev/maps/?p=realty} (дата обращения: 08.06.2022)"
}

@misc{interview,
	title="Эксперт Greenpeace об экологических катастрофах на Камчатке и в Норильске и их последствиях - Forbes [Электронный ресурс]",
	howpublished="Режим доступа: \url{https://www.forbes.ru/forbeslife/410857-my-ostaemsya-v-plenu-sovetskih-tehnologiy-i-okazhemsya-v-glubokom-ekonomicheskom} (дата обращения: 13.05.2022)"
}

@misc{fires,
	title="В Сибири горят более 25 тысяч гектаров леса - РИА Новости [Электронный ресурс]",
	howpublished="Режим доступа: \url{https://ria.ru/20200429/1570719017.html} (дата обращения: 13.05.2022)"
}


@misc{kamchatka,
	title="Экологическая катастрофа на Камчатке - РИА Новости [Электронный ресурс]",
	howpublished="Режим доступа: \url{https://ria.ru/20201005/kamchatka-1578207502.html} (дата обращения: 13.05.2022)"
}


@misc{rest-api,
	title="What is a REST API? - Red Hat [Электронный ресурс]",
	howpublished="Режим доступа: \url{https://www.redhat.com/en/topics/api/what-is-a-rest-api} (дата обращения: 07.06.2021)"
}

@misc{rpd-about,
	title="Положение о порядке разработки и утверждение рабочей программы дисциплины [Электронный ресурс]",
	howpublished="Режим доступа: \url{https://www.volgmed.ru/uploads/files/2010-11/1180-polozhenie_o_poryadke_razrabotki_i_utverzhdeniya_rabochej_programmy_uchebnoj_discipliny_(kursa).doc} (дата обращения: 07.06.2021)"
}

@misc{ms-word,
	title="Microsoft Word - Word Processing Software | Microsoft 365 [Электронный ресурс]",
	howpublished="Режим доступа: \url{https://www.microsoft.com/en-us/microsoft-365/word} (дата обращения: 07.06.2021)"
}

@misc{lms,
	title="Learning Management System (LMS) — HSE [Электронный ресурс]",
	howpublished="Режим доступа: \url{https://www.hse.ru/en/studyspravka/lms_student/} (дата обращения: 07.06.2021)"
}

@misc{standard,
	title="Образовательные стандарты | МГТУ им. Н. Э. Баумана [Электронный ресурс]",
	howpublished="Режим доступа: \url{https://bmstu.ru/plain/eduStandarts/} (дата обращения: 07.06.2021)"
}

@misc{bmstu,
	title="МГТУ им. Н. Э. Баумана -- Официальный сайт [Электронный ресурс]",
	howpublished="Режим доступа: \url{https://bmstu.ru/} (дата обращения: 07.06.2021)"
}

@misc{database,
	title="Что такое база данных | Oracle Россия и СНГ [Электронный ресурс]",
	howpublished="Режим доступа: \url{https://www.oracle.com/ru/database/what-is-database/} (дата обращения: 07.06.2021)"
}

@misc{subd,
	title="Что такое СУБД - RU-CENTER [Электронный ресурс]",
	howpublished="Режим доступа: \url{https://www.nic.ru/help/chto-takoe-subd_8580.html} (дата обращения: 07.06.2021)"
}

@misc{microservice,
	title="Что такое микросервисная архитектура: простое объяснение | MCS Mail.ru [Электронный ресурс]",
	howpublished="Режим доступа: \url{https://mcs.mail.ru/blog/prostym-jazykom-o-mikroservisnoj-arhitekture} (дата обращения: 07.06.2021)"
}

@misc{race-condition,
	title="Race conditions and deadlocks - Microsoft Docs [Электронный ресурс]",
	howpublished="Режим доступа: \url{https://docs.microsoft.com/en-us/troubleshoot/dotnet/visual-basic/race-conditions-deadlocks} (дата обращения: 07.06.2021)"
}

@misc{oltp,
	title="What is OLTP? | IBM [Электронный ресурс]",
	howpublished="Режим доступа: \url{https://www.ibm.com/cloud/learn/oltp} (дата обращения: 07.06.2021)"
}

@misc{olap,
	title="What is OLAP? | IBM [Электронный ресурс]",
	howpublished="Режим доступа: \url{https://www.ibm.com/cloud/learn/olap} (дата обращения: 07.06.2021)"
}

@misc{plpython3u,
	title="PostgreSQL: Документация: 9.6: 44.1. Python 2 и Python 3. [Электронный ресурс]",
	howpublished="Режим доступа: \url{https://postgrespro.ru/docs/postgresql/9.6/plpython-python23} (дата обращения: 07.06.2021)"
}

@misc{postgresql,
	title="PostgreSQL: Документация. [Электронный ресурс]",
	howpublished="Режим доступа: \url{https://postgrespro.ru/docs/postgresql/} (дата обращения: 07.06.2021)"
}

@misc{oracle,
	title="SQL Language | Oracle[Электронный ресурс]",
	howpublished="Режим доступа: \url{https://www.oracle.com/database/technologies/appdev/sql.html} (дата обращения: 07.06.2021)"
}

@misc{mysql,
	title="MySQL Database Service is a fully managed database service to deploy cloud-native applications. [Электронный ресурс]",
	howpublished="Режим доступа: \url{https://www.mysql.com/} (дата обращения: 07.06.2021)"
}

@misc{postgresql-fact,
	title="PostgreSQL: вчера, сегодня, завтра [Электронный ресурс]",
	howpublished="Режим доступа: \url{https://postgrespro.ru/blog/media/17768} (дата обращения: 07.06.2021)"
}

@misc{acid,
	title="Транзакции, ACID, CAP | GeekBrains [Электронный ресурс]",
	howpublished="Режим доступа: \url{https://gb.ru/posts/acid_cap_transactions} (дата обращения: 07.06.2021)"
}

@misc{mvcc,
	title="Documentation: 12: 13.1. Introduction - PostgreSQL [Электронный ресурс]",
	howpublished="Режим доступа: \url{https://www.postgresql.org/docs/12/mvcc-intro.html} (дата обращения: 07.06.2021)"
}

@misc{r-lock,
	title="Применение блокировок чтения/записи | IBM [Электронный ресурс]",
	howpublished="Режим доступа: \url{https://www.ibm.com/docs/ru/aix/7.2?topic=programming-using-readwrite-locks} (дата обращения: 07.06.2021)"
}

@misc{lru,
	title=" LRU, метод вытеснения из кэша | Habr [Электронный ресурс]",
	howpublished="Режим доступа: \url{https://habr.com/ru/post/136758/} (дата обращения: 07.06.2021)"
}

@misc{oracle-company,
	title="Oracle | Integrated Cloud Applications and Platform Services [Электронный ресурс]",
	howpublished="Режим доступа: \url{https://www.oracle.com/index.html} (дата обращения: 07.06.2021)"
}

@misc{oracle-popular,
	title="DB-Engines Ranking [Электронный ресурс]",
	howpublished="Режим доступа: \url{https://db-engines.com/en/ranking} (дата обращения: 07.06.2021)"
}

@misc{myisam,
	title="MySQL Reference Manual 16.2: The MyISAM Storage Engine [Электронный ресурс]",
	howpublished="Режим доступа: \url{https://dev.mysql.com/doc/refman/8.0/en/myisam-storage-engine.html} (дата обращения: 07.06.2021)"
}

@misc{innodb,
	title="MySQL Reference Manual 8.0: The InnoDB Storage Enginee [Электронный ресурс]",
	howpublished="Режим доступа: \url{https://dev.mysql.com/doc/refman/8.0/en/innodb-storage-engine.html} (дата обращения: 07.06.2021)"
}

@misc{php,
	title="PHP: Hypertext Preprocessor [Электронный ресурс]",
	howpublished="Режим доступа: \url{https://www.php.net/} (дата обращения: 07.06.2021)"
}

@misc{perl,
	title="
	The Perl Programming Language [Электронный ресурс]",
	howpublished="Режим доступа: \url{https://www.perl.org/} (дата обращения: 07.06.2021)"
}

@misc{tarantool,
	title="Tarantool -- Платформа In-memory вычислений [Электронный ресурс]",
	howpublished="Режим доступа: \url{https://www.tarantool.io/ru/} (дата обращения: 07.06.2021)"
}

@misc{redis,
	title="Redis is an open source (BSD licensed), in-memory data structure store, used as a database, cache, and message broker [Электронный ресурс]",
	howpublished="Режим доступа: \url{https://redis.io/} (дата обращения: 07.06.2021)"
}

@misc{lua,
	title="The Programming Language Lua [Электронный ресурс]",
	howpublished="Режим доступа: \url{http://www.lua.org/} (дата обращения: 07.06.2021)"
}

@misc{master-slave,
	title="Tech Confronts Its Use of the Labels <<Master>> and <<Slave>> [Электронный ресурс]",
	howpublished="Режим доступа: \url{https://www.wired.com/story/tech-confronts-use-labels-master-slave/} (дата обращения: 07.06.2021)"
}

@misc{master-master,
	title="How To Set Up MySQL Master-Master Replication [Электронный ресурс]",
	howpublished="Режим доступа: \url{https://www.digitalocean.com/community/tutorials/how-to-set-up-mysql-master-master-replication} (дата обращения: 07.06.2021)"
}

@misc{memtx-vinyl,
	title="Движки базы данных | Tarantool [Электронный ресурс]",
	howpublished="Режим доступа: \url{https://www.tarantool.io/ru/doc/latest/book/box/engines/} (дата обращения: 07.06.2021)"
}

@misc{nosql,
	title="Что такое NoSQL? | Amazon AWS [Электронный ресурс]",
	howpublished="Режим доступа: \url{https://aws.amazon.com/ru/nosql/} (дата обращения: 07.06.2021)"
}

@misc{python,
	title="The official home of the Python Programming Language. [Электронный ресурс]",
	howpublished="Режим доступа: \url{https://www.python.org/} (дата обращения: 07.06.2021)"
}

@misc{flask,
	title="Welcome to Flask — Flask Documentation (2.0.x) [Электронный ресурс]",
	howpublished="Режим доступа: \url{https://flask.palletsprojects.com/en/2.0.x/} (дата обращения: 07.06.2021)"
}

@misc{python-tarantool,
	title="Python driver for Tarantool - GitHub [Электронный ресурс]",
	howpublished="Режим доступа: \url{https://github.com/tarantool/tarantool-python} (дата обращения: 07.06.2021)"
}

@misc{psycopg2,
	title="Psycopg – PostgreSQL database adapter for Python [Электронный ресурс]",
	howpublished="Режим доступа: \url{https://www.psycopg.org/docs/} (дата обращения: 07.06.2021)"
}

@misc{docker,
	title="Docker: Empowering App Development for Developers [Электронный ресурс]",
	howpublished="Режим доступа: \url{https://www.docker.com/} (дата обращения: 07.06.2021)"
}

@misc{pytest,
	title="pytest: helps you write better programs — pytest documentation [Электронный ресурс]",
	howpublished="Режим доступа: \url{https://docs.pytest.org/en/6.2.x/} (дата обращения: 07.06.2021)"
}

@online{database,
    title = {База данных},
    url = {https://www.oracle.com/cis/database/what-is-database/},
    urldate = {2022-05-13},
    language = "russian"
}

@online{db-model,
    title = {Модель баз данных},
    url = {https://clck.ru/323j87},
    urldate = {2022-09-16},
    language = {russian}
}

@online{subd,
    title = {Система управления базами данных},
    url = {https://www.britannica.com/technology/database-management-system},
    urldate = {2022-05-13},
    language = "english"
}
@online{microservice,
    title = {Микросервисная архитектура},
    url = {https://www.atlassian.com/ru/continuous-delivery/microservices},
    urldate = {2022-05-13},
    language = "russian",
}
@online{OLTP,
    title = {Online transaction processing},
    url = {https://en.wikipedia.org/wiki/Online_transaction_processing},
    urldate = {2022-05-13},
    language = "english",
}
@online{OLAP,
    title="OLAP | IBM",
    url = {https://www.ibm.com/cloud/learn/olap},
    urldate = {2022-05-13},
    language = "english",
}
@online{stateful-stateless,
    title="Stateful vs stateless web services",
    url = {https://nordicapis.com/defining-stateful-vs-stateless-web-services/},
    urldate = {2022-08-21},
    language = "english",
}

@online{rest-api,
    title = "What is REST?",
    url = {https://restfulapi.net/},
    urldate = {2022-08-21},
    language = "english",
}

@online{golang,
    title = "The Go Programming Language",
    url = {https://go.dev/},
    urldate = {2022-08-27},
    language = {english},
}

@online{openapi,
    title = "OpenAPI Specification v3.1.0",
    url = {https://spec.openapis.org/oas/v3.1.0},
    urldate = {2022-08-27},
    language = {english},
}

@online{docker-compose,
title = "Overview of Docker Compose",
url = {https://docs.docker.com/compose/},
urldate = {2022-08-27},
language = {english},
}

@online{docker,
    title = "Docker",
    url = {https://www.docker.com/},
    urldate = {2022-08-27},
    language = {english},
}

@online{postgresql,
    title = {PostgreSQL},
    url = {https://www.postgresql.org/},
    urldate = {2022-05-13},
    language = "russian"
}

@online{db-engines-rating-relational,
    title = {DBMS popularity broken down by database model},
    url = {https://db-engines.com/en/ranking/relational+dbms},
    urldate = {2022-05-13},
    language = "english"
}

@online{ACID,
    title="What does ACID mean in Database Systems?",
    url = {https://database.guide/what-is-acid-in-databases/},
    urldate = {2022-05-13},
    language = "english",
}

@online{MVCC,
    title="Documentation: 14: 13.1. Introduction - PostgreSQL",
    url = {https://www.postgresql.org/docs/14/mvcc-intro.html},
    urldate = {2022-05-13},
    language = "russian",
}

@online{oracle,
    title = {Oracle database},
    url = {https://www.oracle.com/cis/database/},
    urldate = {2022-05-13},
    language = "russian"
}

@online{mysql,
    title = {MySQL},
    url = {https://www.mysql.com/},
    urldate = {2022-05-13},
    language = "english"
}

@online{redis,
    title = {Redis},
    url = {https://redis.io/},
    urldate = {2022-05-13},
    language = "english"
}

@online{tarantool,
    title = {Tarantool},
    url = {https://www.tarantool.io/ru/},
    urldate = {2022-05-13},
    language = "russian"
}

@online{mongodb,
    title = {MongoDB},
    url = {https://www.mongodb.com/},
    urldate = {2022-05-13},
    language = "russian"
}

@misc{ubuntu,
	title="Ubuntu: Enterprise Open Source and Linux [Электронный ресурс]",
	howpublished="Режим доступа: \url{https://ubuntu.com/}",
	note="Дата обращения: 14.09.2021"
}

@misc{linux,
	title="Linux -- Getting Started [Электронный ресурс]",
	howpublished="Режим доступа: \url{https://linux.org}",
	note="Дата обращения: 14.09.2021"
}

@misc{amd,
	title="Мобильный процессор AMD Ryzen™ 7 3700U с графикой Radeon™ RX Vega 10 [Электронный ресурс]",
	howpublished="Режим доступа: \url{https://www.amd.com/ru/products/apu/amd-ryzen-7-3700u}",
	note="Дата обращения: 14.09.2020"
}


